@inproceedings{Leitao:2014,
	author = {Leit\~ao, G.},
	title = {Heidegger: a Quest\~ao da T\'ecnica e o futuro do homem},
	booktitle = {X Simp\'osio Internacional Filos\'ofico-teol\'ogico - Do Humano ao P\'os-humano: encruzilhada ou destino?},    
	year = {2014},
	ISSN = {2176-1337}, 
	publisher = {Faculdade Jesu\'ita de Filosofia e Teologia - FAJE}, 
}


@Misc{MCDIC:2014,
howpublished = {\url{http://www.industria40.gov.br/}},
note = {Acesso 30 de Setembro de 2019},
title = {Agenda Brasileira para Ind{\'u}stria 4.0},
author = {{Minist{\'e}rio da Ind{\'u}stria, Com{\'e}rcio Exterior e Servi{\c{c}}os}},
year = {2014}
}


@article{Hussin2018,
	author = {Anealka Aziz Hussin},
	title = {Education 4.0 Made Simple: Ideas For Teaching},
	journal = {International Journal of Education and Literacy Studies},
	volume = {6},
	number = {3},
	year = {2018},
	keywords = {Industrial Revolution 4.0, Education 4.0, Language Teaching And Learning},
	pages = {92--98},
	doi = {10.7575/aiac.ijels.v.6n.3p.92},
	url = {http://journals.aiac.org.au/index.php/IJELS/article/view/4616},
}


@book{Almeida:2018,
	title={Como a Educação 4.0 mudar{\'a} nossas escolas?},
	author={Almeida, T.},
	isbn={},
	lccn={},
	series={},
	url={http://inoveduc.com.br/educacao-4-0-mudara-escolas},
	year={2018},
	pages = {},   
	publisher={Inoveduc}
}

@book{bassedas:1996,
	title={Interven{\c{c}}{\~a}o educativa e diagn{\'o}stico psicopedag{\'o}gico.},
	author={Bassedas, E. and Huguet, T. and Plazaola, M.O. and S\'{a}enz, M.M. and Sisquella, M.P. and Mart\'{i}, M.V. and Rossell, M. and Seguer, M. and Salvador, C.C.},
	year={1996},
	publisher={(Tradu{\c{c}}{\~a}o: Neve, B.A.). 3 ed. Porto Alegre: Artes M{\'e}dicas}
}

@book{Sousa:2011,
	title={Tecnologias Digitais na Educa\c{c}\~ao},
	author={Sousa, R.P. and Moita F.M.C. and Carvalho, A.B.G. (Org.)},
	isbn={},
	lccn={},
	series={},
	url={},
	year={2011},
	pages = {},   
	publisher={EDUEPB}
}

@book{Nogueira:2013,
	title={Bourdieu \& a educa{\c{c}}{\~a}o},
	author={Nogueira, Cl{\'a}udio M Martins and Nogueira, Maria Alice},
	year={2013},
	publisher={Aut{\^e}ntica}
}

@book{Levy:2010,
	title={Cibercultura},
	author={Pierre Levy},
	year={2010},
	publisher={Editora 34}
}

@article{Fuhr:2018,
  title={EDUCA{\c{C}}{\~A}O 4.0 E SEUS IMPACTOS NO S{\'E}CULO XXI},
  author={F{\"u}hr, Regina Candida},
  	journal={V Congresso Nacional de Educa{\c{c}}{\~a}o (V CONEDU)},
	year={2018},
	publisher={Editora Realize},
	url={http://www.editorarealize.com.br/revistas/conedu/trabalhos/TRABALHO_EV117_MD4_SA19_ID5295_31082018230201.pdf}
}

@book{Intelitek:2018,
	title={The Education 4.0 Revolution. An analysis of Industry 4.0 and its effect on education},
	author={Intelitek},
	year={2018},
	publisher={Intelitek}
}

@inproceedings{Cheng:2006,
	title={A proposal on a learner's context-aware personalized education support method based on principles of behavior science},
	author={Cheng, Zixue and Han, Qiu and Sun, Shengguo and Kansen, Mizuo and Hosokawa, Tomohiro and Huang, Tongjun and He, Aiguo},
	booktitle={20th International Conference on Advanced Information Networking and Applications-Volume 1 (AINA'06)},
	volume={2},
	pages={5--pp},
	year={2006},
	organization={IEEE}
}

@inproceedings{Dong:2007,
	title={A Support Method for Improving Learner's Learning Habit Using Behavior Analysis in a Ubiquitous Environment},
	author={Dong, Mianxiong and Ota, Kaoru and Cheng, Zixue and Wang, Guojun},
	booktitle={2007 International Conference on Parallel Processing Workshops (ICPPW 2007)},
	pages={67--67},
	year={2007},
	organization={IEEE}
}

@inproceedings{Mathioudakis:2013,
	title={AmI-RIA: Real-Time Teacher Assistance Tool for an Ambient Intelligence Classroom},
	author={Mathioudakis, G and Leonidis, A and Korozi, M and Margetis, G and Ntoa, S and Antona, M and Stephanidis, C},
	booktitle={Proceedings of the Fifth International Conference on Mobile, Hybrid, and On-Line Lerning (eLmL 2013)},
	pages={37--42},
	year={2013}
}


@inproceedings{Oluwagbemi:2014,
	title={Pervasive computing in classroom environments and applications},
	author={Oluwagbemi, Folakemi and Misra, Sanjay and Omoregbe, Nicholas},
	booktitle={Computer \& Information Technology (GSCIT), 2014 Global Summit on},
	pages={1--6},
	year={2014},
	organization={IEEE}
}

@inproceedings{Xue:2011,
	title={Using the IOT to construct ubiquitous learning environment},
	author={Xue, Ru and Wang, Liang and Chen, Jie},
	booktitle={Mechanic Automation and Control Engineering (MACE), 2011 Second International Conference on},
	pages={7878--7880},
	year={2011},
	organization={IEEE}
}

@book{Kenski:2007,
	title={Educa{\c{c}}{\~a}o e tecnologias},
	author={Kenski, Vani Moreira},
	year={2007},
	publisher={Papirus editora}
}

@book{Caron:2018,
	title={Conhe{\c{c}}a 5 habilidades fundamentais quando o assunto {\'e} Educa{\c{c}\~a}o 4.0!},
	author={Caron, Aline.},
	url={https://www.positivoteceduc.com.br/educacao-4-0/habilidades-fundamentais-educacao-4-0/},
	year={2018},
	publisher={Positivo Tecnologia Educacional}
}

@book{Andrade:2018,
	title={Guia Definitivo da Educa{\c{c}\~a}o 4.0: uma rede de conex{\~o}es interligando pessoas e saberes},
	author={Andrade, Karen.},
	url={http://www.plannetaeducacao.com.br/portal/arquivo/editor/file/ebook-educacao4.0-planneta.pdf},
	year={2018},
	publisher={Planeta Educa{\c{c}\~a}o}
}

@article{Satyanarayanan:2001,
	title={Pervasive computing: Vision and challenges},
	author={Satyanarayanan, Mahadev},
	journal={IEEE Personal communications},
	volume={8},
	number={4},
	pages={10--17},
	year={2001},
	publisher={IEEE}
}

@inproceedings{Chang:2014,
	title={An Applicable Solution for Setting Up Intelligent Schools by Using Internet of Things Technology},
	author={Chang, Jen Chi and Li, Yong Jian and Tsai, Sang Bing},
	booktitle={Advanced Materials Research},
	volume={945},
	pages={3585--3588},
	year={2014},
	organization={Trans Tech Publ}
}

@article{Hwang:2009,
	title={A context-aware ubiquitous learning environment for conducting complex science experiments},
	author={Hwang, Gwo-Jen and Yang, Tzu-Chi and Tsai, Chin-Chung and Yang, Stephen JH},
	journal={Computers \& Education},
	volume={53},
	number={2},
	pages={402--413},
	year={2009},
	publisher={Elsevier}
}

@inproceedings{Dekdouk:2012,
	title={Integrating mobile and ubiquitous computing in a smart classroom to increase learning effectiveness},
	author={Dekdouk, Abdelkader},
	booktitle={Education and e-Learning Innovations (ICEELI), 2012 International Conference on},
	pages={1--5},
	year={2012},
	organization={IEEE}
}

@inproceedings{Santos:2014,
	title={Ambientes Físico-Virtuais de Aprendizagem},
	author={Santos, R. A. and Botelho, S. S. and Bichet, M. A.},
	booktitle={Anais do Simpósio Brasileiro de Informática na Educação},
	pages={70},
	year={2014},
	organization={SBIE},
	volume={25}
}



@inproceedings{Salehi:2014,
 author = {Salehi, Shima and Schneider, Bertrand and Blikstein, Paulo},
 title = {The Effects of Physical and Virtual Manipulatives on Learning Basic Concepts in Electronics},
 booktitle = {CHI '14 Extended Abstracts on Human Factors in Computing Systems},
 series = {CHI EA '14},
 year = {2014},
 isbn = {978-1-4503-2474-8},
 location = {Toronto, Ontario, Canada},
 pages = {2263--2268},
 numpages = {6},
 url = {http://doi.acm.org/10.1145/2559206.2581346},
 doi = {10.1145/2559206.2581346},
 acmid = {2581346},
 publisher = {ACM},
 address = {New York, NY, USA},
 keywords = {design, experimentation},
} 

@book{leitao:2017,
  title={Uma plataforma de suporte ao docente no contexto da Educa{\c{c}}{\~a}o Digital},
  author={Leit\~ao, G.},
  year={2017},
  publisher={Disserta\c{c}\~ao de Mestrado. Universidade Federal do Amazonas},
  url={https://tede.ufam.edu.br/handle/tede/5889}
}

@article{bez:2012,
  title={T{\'e}cnicas de Intelig{\^e}ncia Artificial Amparando o Desenvolvimento de um Simulador de Casos Cl{\'\i}nicos},
  author={Bez, Marta Rosecler and Flores, Cecilia and Vicari, Rosa and Fonseca, Jo{\~a}o Marcelo and Maroni, Vin{\'\i}cius and Muniz Barros, Paulo Ricardo},
  journal={Conferencias LACLO},
  volume={3},
  number={1},
  year={2012}
}


@inproceedings{giuffra:2012,
  title={An Agent Based Model for Integrating Intelligent Tutoring System and Virtual Learning Environments},
  author={Giuffra, Cecilia EP and Silveira, Ricardo Azambuja},
  booktitle={Ibero-American Conference on Artificial Intelligence},
  pages={641--650},
  year={2012},
  organization={Springer}
}

@inproceedings{ferber:1991,
  title={Intelligence artificielle distribu{\'e}e},
  author={Ferber, J. and Gasser, L.},
  booktitle={Proceedings of 10th International Workshop on Expert Systems \& Their Applications},
  year={1991}
}


@inproceedings{wade:2015,
  title={Systems Engineering of Cyber-Physical Systems Education Program},
  author={Wade, Jon and Cohen, Roberta and Blackburn, Mark and Hole, Eirik and Bowen, Nicholas},
  booktitle={Proceedings of the WESE'15: Workshop on Embedded and Cyber-Physical Systems Education},
  pages={7},
  year={2015},
  organization={ACM}
}

@inproceedings{helps:2013,
  title={Cyber-physical system concepts for IT students},
  author={Helps, Richard G and Pack, Scott J},
  booktitle={Proceedings of the 14th annual ACM SIGITE conference on Information technology education},
  pages={7--12},
  year={2013},
  organization={ACM}
}


@article{chase:2011,
  title={Plataforma Sensorial Ciberf{\'\i}sica-Uma Abordagem Ambiental},
  author={Chase, O. A and Almeida, J. F. and Sampaio, M. H. K. and Almeida, Felipe},
  journal={X Simp{\'o}sio Brasileiro de Automa{\c{c}}{\~a}o Inteligente--SBAI},
  year={2011},
  month = {Setembro}
}

@article{lei:2013,
  title={Developing a smart learning environment in universities via cyber-physical systems},
  author={Lei, Chi-Un and Wan, Kaiyu and Man, Ka Lok},
  journal={Procedia Computer Science},
  volume={17},
  pages={583--585},
  year={2013},
  publisher={Elsevier}
}

@article{noor:2011,
  title={Intelligent adaptive cyber-physical ecosystem for aerospace engineering education, training, and accelerated workforce development},
  author={Noor, Ahmed K},
  journal={Journal of Aerospace Engineering},
  volume={24},
  number={4},
  pages={403--408},
  year={2011},
  publisher={American Society of Civil Engineers}
}

@inproceedings{pester:2015,
  title={Collaborative learning with cyber-physical systems},
  author={Pester, Andreas and Madritsch, Christian and Klinger, Thomas},
  booktitle={2015 IEEE Global Engineering Education Conference (EDUCON)},
  pages={184--188},
  year={2015},
  organization={IEEE}
}

@inproceedings{peter:2015,
  title={From the browser to the remote physical lab: Programming cyber-physical systems},
  author={Peter, Steffen and Momtaz, Farshad and Givargis, Tony},
  booktitle={2015 IEEE Frontiers in Education Conference (FIE)},
  pages={1--7},
  year={2015},
  organization={IEEE}
}

@inbook{charlot:2000,
	author = {Charlot, B.},
	title = {A rela{\c{c}}{\~a}o com o saber : conceitos e defini{\c{c}}{\~o}es. In: Da rela{\c{c}}{\~a}o com o saber : elementos para uma teoria},
    translator = {Magne, B.},
	publisher = {Artes M\'{e}dicas},
	pages = {77-86},
	year={2000}
}

@book{Almeida:2000,
	title={ProInfo: Inform{\'a}tica e forma{\c{c}}{\~a}o de professores},
	author={Almeida, Maria Elizabeth B.},
	year={2000},
	publisher={Minist{\'e}rio da Educa{\c{c}}{\~a}o, Secretaria de Educa{\c{c}}{\~a}o a Dist{\^a}ncia}
}

@article{Valente:1993,
	title={Por que computadores na educa{\c{c}}{\~a}o},
	author={Valente, Jos{\'e} Armando},
	journal={Computadores e Conhecimento: repensando a educa{\c{c}}{\~a}o},
	pages={1--23},
	year={1993}
}

@incollection{Vermesan:2013,
	title={Internet of Things Strategic Research and Innovation Agenda},
	author={Vermesan, Ovidiu and Friess, Peter and Guillemin, Patrick and Sundmaeker, Harald and Eisenhauer, Markus and Moessner, Klaus and Le Gall, Franck and Cousin, Philippe},
	booktitle={Internet of Things: Converging Technologies for Smart Environments and Integrated Ecosystems},
	pages={7-152},
	year={2013},
	publisher={River Publishers}
}

@inproceedings{Tarouco:2004,
	title={Objetos de Aprendizagem para M-learning},
	author={Tarouco, Liane MR and Fabre, MCJM and Grando, Anita RS and Konrath, Mary LP},
	booktitle={Florian{\'o}polis: SUCESU-Congresso Nacional de Tecnologia da Informa{\c{c}}{\~a}o e Comunica{\c{c}}{\~a}o},
	year={2004}
}

@article{Sabbatini:2013,
	title={Reflex{\~o}es cr{\'\i}ticas sobre o conceito de objeto de aprendizagem aplicado ao ensino de Ci{\^e}ncias e Matem{\'a}tica},
	author={Sabbatini, Marcelo},
	journal={Em Teia| Revista de Educa{\c{c}}{\~a}o Matem{\'a}tica e Tecnol{\'o}gica Iberoamericana-ISSN: 2177-9309},
	volume={3},
	number={3},
	year={2013}
}

@inproceedings{Zilse:2016,
	title={An Analysis of Applying the Short Bridge Method to Digital Education},
	author={Zilse, Renata and Primo, Tiago and Koch, Fernando and Koster, Andrew},
	booktitle={International Conference on Learning and Collaboration Technologies},
	pages={94--102},
	year={2016},
	organization={Springer}
}

@article{Biswas:2007,
	title={A Novel Approach to Define Performance Metrics for Students' and Teachers' Evaluation.},
	author={Biswas, Pradipta and Ghosh, SK},
	journal={Electronic Journal of e-Learning},
	volume={5},
	number={2},
	pages={87--102},
	year={2007},
	publisher={ERIC}
}

@book{Collares:1989,
	title={Ajudando a desmistificar o fracasso escolar. Toda crian{\c{c}a {\'e} capaz de aprender?}},
	author={Collares, Cecilia Azevedo Lima},
	year={1989},
	publisher={FDE}
}

@book{Perrenoud:2001,
	title={A pedagogia na escola das diferen{\c{c}}as: fragmentos de uma sociologia do fracasso},
	author={Perrenoud, Philippe and Schilling, Cl{\'a}udia},
	year={2001},
	publisher={Artmed}
}

@article{Freire:1987,
	title={Pedagogia do Oprimido. 17{\textordfeminine}},
	author={Freire, Paulo},
	journal={Ed. Rio de Janeiro: Paz e Terra},
	volume={3},
	year={1987}
}

@article{Chiovatto:2000,
	title={O professor mediador},
	author={Chiovatto, Milene},
	journal={ARTES NA ESCOLA, BOLETIM},
	year={2000}
}

@article{Freire:1996,
	title={Di{\'a}logos impertinentes: o futuro da escola},
	author={Freire, Paulo and Papert, Seymour},
	journal={S{\~a}o Paulo: TV PUC},
	year={1996}
}

@misc{Papert:1994,
	title={A m{\'a}quina das crian{\c{c}}as--Repensando a escola na era da inform{\'a}tica},
	author={Papert, Seymour},
	year={1994},
	publisher={Artes M{\'e}dicas}
}

@article{Dewey:1971,
	title={Experi{\^e}ncia e educa{\c{c}}{\~a}o.(1938)},
	author={Dewey, John},
	journal={Trad. An{\'\i}sio Teixeira. S{\~a}o Paulo: Cia Editora Nacional},
	year={1971}
}

@book{Vygotsky:1998,
	title={A forma{\c{c}}{\~a}o social da mente},
	author={Vygotsky, Lev Sem{\"e}novi{\v{c}}},
	year={1998},
	publisher={S{\~a}o Paulo: Martins Fontes}
}

@book{Rego:2013,
	title={Vygotsky: uma perspectiva hist{\'o}rico-cultural da educa{\c{c}}{\~a}o},
	author={Rego, Teresa Cristina},
	year={2013},
	publisher={Editora Vozes Limitada}
}

@inproceedings{Passos:2010,
	title={{Transformando um Editor de Apresenta{\c{c}}{\~a}o em uma Ferramenta de Autoria: Uma Experi{\^e}ncia com os Professores de Escolas P{\'u}blicas do Munic{\'\i}pio de Itacoatiara (AM)}},
	author={Odette Passos and Margarida Souza and Marcondes Silva and Rodrigo Santos},
	booktitle={Simp{\'o}sio Brasileiro de Inform{\'a}tica na Educa{\c{c}}{\~a}o (SBIE)},
	volume={},
	number={},
	pages={61--64},
	year={2010}
}

@inproceedings{Flores:2011,
	title={Funcionalidades da ferramenta de autoria para apoiar a constru{\c{c}}{\~a}o de objetos de aprendizagem},
	author={Fl{\^o}res, Maria Lucia Pozzatti and Tarouco, Liane Margarida Rockenbach and Reategui, Eliseo Berni},
	booktitle={Simp{\'o}sio Brasileiro de Inform{\'a}tica na Educa{\c{c}}{\~a}o (SBIE)},
	year={2011}
}

@inproceedings{Orlandi:2012,
	title={Uma ferramenta para distribui{\c{c}}ao de conte{\'u}do educacional interativo em dispositivos m{\'o}veis},
	author={Orlandi, Bruno H and Isotani, Seiji},
	booktitle={Simp{\'o}sio Brasileiro de Inform{\'a}tica na Educa{\c{c}}{\~a}o (SBIE)},
	volume={23},
	year={2012}
}

@inproceedings{Malvezzi:2010,
	title={Uma ferramenta baseada em Teoria Fuzzy para o acompanhamento de alunos aplicado ao modelo de educa{\c{c}}{\~a}o presencial mediado por tecnologia},
	author={Malvezzi, William Roberto and Mour{\~a}o, Andreza Bastos and Bressan, Gra{\c{c}}a},
	booktitle={Simp{\'o}sio Brasileiro de Inform{\'a}tica na Educa{\c{c}}{\~a}o (SBIE)},
	volume={1},
	year={2010}
}

@inproceedings{Lucena:2015,
	title={WebMonitor: uma ferramenta para monitoramento e acompanhamento de cursos em um AVA},
	author={Lucena, Ketlen and Silva, Jath and Oliveira, Elaine},
	booktitle={Simp{\'o}sio Brasileiro de Inform{\'a}tica na Educa{\c{c}}{\~a}o (SBIE)},
	volume={26},
	pages={249},
	year={2015}
}

@inproceedings{Nunes:2016,
	title={Learning Analytics como ferramenta para a an{\'a}lise do desempenho dos alunos em Cursos Semipresenciais},
	author={Nunes, Isabel and Silva, Wesley Marques and Laisa, J{\'e}ssica and Ugulino, Fabiano and Lucena, M{\'a}rcia},
	booktitle={Simp{\'o}sio Brasileiro de Inform{\'a}tica na Educa{\c{c}}{\~a}o (SBIE)},
	volume={27},
	pages={280},
	year={2016}
}

@book{Kolb:2014,
	title={Experiential learning: Experience as the source of learning and development},
	author={Kolb, David A},
	year={2014},
	publisher={FT press}
}

@book{Gagne:2013,
	title={Instructional technology: Foundations},
	author={Gagn{\'e}, Robert M},
	year={2013},
	publisher={Routledge}
}

@phdthesis{Wiley:2000,
	title={Learning Object Design and Sequencing Theory},
	author={Wiley, David Arnim},
	year={2000},
	school={Brigham Young University}
}

@inproceedings{Guterres:2014,
	title={F{\'a}brica de Objetos: Uma Plataforma para Constru{\c{c}}{\~a}o de Objetos de Aprendizagem focada na Usabilidade},
	author={Guterres, Jo{\~a}o Pedro Dewes and Moraes, Silvia Maria Wanderley},
	booktitle={Simp{\'o}sio Brasileiro de Inform{\'a}tica na Educa{\c{c}}{\~a}o-SBIE)},
	volume={25},
	pages={516},
	year={2014}
}

@article{kitchenham:2004,
  title={Procedures for performing systematic reviews},
  author={Kitchenham, Barbara},
  journal={Keele, UK, Keele University},
  volume={33},
  number={2004},
  pages={1--26},
  year={2004}
}

@article{mafra:2006,
  title={Estudos Prim{\'a}rios e Secund{\'a}rios apoiando a busca por Evid{\^e}ncia em Engenharia de Software},
  author={Mafra, S{\^o}mulo Nogueira and Travassos, Guilherme Horta},
  journal={Relat{\'o}rio T{\'e}cnico, RT-ES},
  volume={687},
  number={06},
  year={2006}
}

@article{sales:2019,
  title={Modelo Learning Vectors na Avalia{\c{c}}{\~a}o Formativa no AVA Moodle: de Emoticons a GIFs Animados},
  author={Sales, Gilvandenys and de Albuquerque, Monck C and Paz, Ricky P and Leite, Eliana AM},
  journal={Revista Ib{\'e}rica de Sistemas e Tecnologias de Informa{\c{c}}{\~a}o},
  pages={64--76},
  year={2019},
  publisher={Associa{\c{c}}{\~a}o Ib{\'e}rica de Sistemas e Tecnologias de Informacao}
}

@article{sales:2012,
  title={Learning vectors (LV): Um modelo de avalia{\c{c}}{\~a}o processual com mensura{\c{c}}{\~a}o n{\~a}o-linear da aprendizagem em ead online},
  author={Sales, Gilvandenys Leite and Barroso, Giovanni Cordeiro and Soares, Jos{\'e} Marques},
  journal={Revista Brasileira de Inform{\'a}tica na Educa{\c{c}}{\~a}o},
  volume={20},
  number={1},
  pages={60},
  year={2012}
}

@book{Mackay2003book,
  title={Information theory, inference and learning algorithms},
  author={MacKay, D. J. C.},
  year={2003},
  publisher={Cambridge university press}
}

@article{Shannon1948,
  title={A Mathematical Theory of Communication},
  author={Claude Elwood Shannon},
  year={1948},
  journal={The Bell System Technical Journal},
  volume={27},
  pages={379-423},
}

@article{bandt2002permutation,
  title={Permutation entropy: a natural complexity measure for time series},
  author={Bandt, Christoph and Pompe, Bernd},
  journal={Physical review letters},
  volume={88},
  number={17},
  pages={174102},
  year={2002},
  publisher={APS}
}

@article{zacharia:2011,
title = "Physical versus virtual manipulative experimentation in physics learning",
journal = "Learning and Instruction",
volume = "21",
number = "3",
pages = "317 - 331",
year = "2011",
issn = "0959-4752",
doi = "https://doi.org/10.1016/j.learninstruc.2010.03.001",
url = "http://www.sciencedirect.com/science/article/pii/S0959475210000319",
author = "Zacharias C. Zacharia and Georgios Olympiou",
keywords = "Simulations, Virtual labs, Laboratory, Experimentation, Touch, Physics",
abstract = "The aim of this study was to investigate whether physical or virtual manipulative experimentation can differentiate physics learning. There were four experimental conditions, namely Physical Manipulative Experimentation (PME), Virtual Manipulative Experimentation (VME), and two sequential combinations of PME and VME, as well as a control condition (i.e., traditional instruction with absence of PME or VME). Undergraduate students' understanding of physics concepts in the domain of heat and temperature was tested in a pre- and posttest design that involved 182 participants assigned to the four experimental groups and 52 participants assigned to the control group. Conceptual tests were administered to assess students' understanding before, during and after instruction. The analyses revealed that the four experimental conditions were equally effective in promoting students' understanding of concepts in the domain of heat and temperature and better than the control condition; hence, manipulation, either physical or virtual manipulation, and not physicality, as such, at least in a context like the one of the present study, is important in physics learning."
}

@article{ha:2018,
  title={Interactive Virtual and Physical Manipulatives for Improving Students’ Spatial Skills},
  author={Ha, Oai and Fang, Ning},
  journal={Journal of Educational Computing Research},
  volume={55},
  number={8},
  pages={1088--1110},
  year={2018},
  publisher={SAGE Publications Sage CA: Los Angeles, CA}
}

@conference{Azad:2016,
author={Azad, A.K.M. and Hashemian, R.},
title={Cyber-physical systems in STEM disciplines},
 booktitle = {Proceedings of 2016 SAI Computing Conference, SAI 2016},
 journal={Proceedings of 2016 SAI Computing Conference, SAI 2016},
year={2016},
pages={868-874},
doi={10.1109/SAI.2016.7556081},
art_number={7556081},
note={cited By 1},
url={https://www.scopus.com/inward/record.uri?eid=2-s2.0-84988878107&doi=10.1109%2fSAI.2016.7556081&partnerID=40&md5=30ff073a97d914f8ebe5c75e09e50b22},
affiliation={Department of Technology, Northern Illinois University, DeKalb, United States; Department of Electrical Engineering, Northern Illinois University, DeKalb, United States},
publisher={Institute of Electrical and Electronics Engineers Inc.},
isbn={9781467384605},
language={English},
abbrev_source_title={Proc. SAI Comput. Conf., SAI},
document_type={Conference Paper},
source={Scopus},
}

@inproceedings{Blikstein:2012,
 author = {Blikstein, Paulo and Fuhrmann, Tamar and Greene, Daniel and Salehi, Shima},
 title = {Bifocal Modeling: Mixing Real and Virtual Labs for Advanced Science Learning},
 booktitle = {Proceedings of the 11th International Conference on Interaction Design and Children},
 series = {IDC '12},
 year = {2012},
 isbn = {978-1-4503-1007-9},
 location = {Bremen, Germany},
 pages = {296--299},
 numpages = {4},
 url = {http://doi.acm.org/10.1145/2307096.2307150},
 doi = {10.1145/2307096.2307150},
 acmid = {2307150},
 publisher = {ACM},
 address = {New York, NY, USA},
 keywords = {computer modeling, constructivism, physical computing, sensing},
} 

@Article{Blikstein2016,
author="Blikstein, Paulo
and Fuhrmann, Tamar
and Salehi, Shima",
title="Using the Bifocal Modeling Framework to Resolve ``Discrepant Events'' Between Physical Experiments and Virtual Models in Biology",
journal="Journal of Science Education and Technology",
year="2016",
month="Aug",
day="01",
volume="25",
number="4",
pages="513--526",
abstract="In this paper, we investigate an approach to supporting students' learning in science through a combination of physical experimentation and virtual modeling. We present a study that utilizes a scientific inquiry framework, which we call ``bifocal modeling,'' to link student-designed experiments and computer models in real time. In this study, a group of high school students designed computer models of bacterial growth with reference to a simultaneous physical experiment they were conducting, and were able to validate the correctness of their model against the results of their experiment. Our findings suggest that as the students compared their virtual models with physical experiments, they encountered ``discrepant events'' that contradicted their existing conceptions and elicited a state of cognitive disequilibrium. This experience of conflict encouraged students to further examine their ideas and to seek more accurate explanations of the observed natural phenomena, improving the design of their computer models.",
issn="1573-1839",
doi="10.1007/s10956-016-9623-7",
url="https://doi.org/10.1007/s10956-016-9623-7"
}

@article{hake:1998,
  title={Interactive-engagement versus traditional methods: A six-thousand-student survey of mechanics test data for introductory physics courses},
  author={Hake, Richard R},
  journal={American journal of Physics},
  volume={66},
  number={1},
  pages={64--74},
  year={1998},
  publisher={AAPT}
}

@article{sipitakiat:2003,
  title={A placa Gogo: rob{\'o}tica de baixo custo, program{\'a}vel e reconfigur{\'a}vel},
  author={Sipitakiat, Arnan and Blikstein, Paulo and Cavallo, David and Camargo, Alexandra and Alves, Roseli Deus Lopes},
  journal={XIV SBIE: Simp{\'o}sio Brasileiro de Inform{\'a}tica na Educa{\c{c}}{\~a}o},
  pages={73--92},
  year={2003}
}


@book{Papert:1980,
	title={Logo: computadores e educa{\c{c}}{\~a}o},
	author={Papert, Seymour and Valente, Jose Armando and Bitelman, Beatriz},
	year={1980},
	publisher={Brasiliense}
}


@article{fikes:1971,
  title={STRIPS: A new approach to the application of theorem proving to problem solving},
  author={Fikes, Richard E and Nilsson, Nils J},
  journal={Artificial intelligence},
  volume={2},
  number={3-4},
  pages={189--208},
  year={1971},
  publisher={Elsevier}
}

@inproceedings{imamura:2018,
  title={Criando uma experi{\^e}ncia de leitura colaborativa de hist{\'o}rias fict{\'\i}cias f{\'\i}sico-virtuais com realidade aumentada},
  author={Imamura, Rafael Eiki and Baranauskas, M Cec{\'\i}lia},
  booktitle={Brazilian Symposium on Computers in Education (Simp{\'o}sio Brasileiro de Inform{\'a}tica na Educa{\c{c}}{\~a}o-SBIE)},
  volume={29},
  pages={31},
  year={2018}
}

@incollection{serbanati:2011,
  title={Building blocks of the internet of things: State of the art and beyond},
  author={Serbanati, Alexandru and Medaglia, Carlo Maria and Ceipidor, Ugo Biader},
  booktitle={Deploying RFID-Challenges, Solutions, and Open Issues},
  year={2011},
  publisher={IntechOpen}
}

@article{xu:2005,
  title={A conceptual model of personalized virtual learning environments},
  author={Xu, Dongming and Wang, Huaiqing and Wang, Minhong},
  journal={Expert Systems with Applications},
  volume={29},
  number={3},
  pages={525--534},
  year={2005},
  publisher={Elsevier}
}

@book{santos:2014ambientes,
  title={Ambientes F{\'\i}sico-virtuais de Aprendizagem},
  author={Santos, Rafael Augusto Penna},
  year={2014},
  publisher={Tese de Doutorado. Universidade Federal do Rio Grande (FURG)},
  url={http://repositorio.furg.br/handle/1/5058}
}

@article{pires:2015,
  title={Plataformas para a Internet das Coisas},
  author={Pires, Paulo F and Delicato, F and Batista, Thais and Barros, Thomaz and Cavalcante, Everton and Pitanga, Marcelo},
  journal={Minicursos SBRC-Simp{\'o}sio Brasileiro de Redes de Computadores e Sistemas Distribu{\'\i}dos},
  year={2015}
}

@techreport{vicari:2009,
     title = {{Proposta de Padr{\~a}o para Metadados de Objetos de Aprendizagem Multiplataforma}},
     author = {Vicari, R. M. and Gluz, J. C. and Santos, E. R. and Primo, T. T. and Rossi, L.H.L. and Bordignon, A. and Behar, P. and Passerino, L.M. and Filho,  R.C.M.F. and  Roesler,  V.},
     group = {Projeto OBAA},
     year = {2009},
     institution = {Universidade Federal do Rio Grande do Sul},
     month = {},
}

@article{mcclelland:2003,
  title={Metadata standards for educational resources},
  author={McClelland, Marilyn},
  journal={Computer},
  volume={36},
  number={11},
  pages={107--109},
  year={2003},
  publisher={IEEE}
}

@article{learning2002ieee,
	author={LTSC, Learning Technology Standards Committee},
	journal={IEEE Std 1484.12.1-2020}, 
	title={IEEE Standard for Learning Object Metadata}, 
	year={2020},
	volume={},
	number={},
	pages={1-50},
	doi={10.1109/IEEESTD.2020.9262118}}
}

@book{luckesi:2014,
  title={Avalia{\c{c}}{\~a}o da aprendizagem escolar: estudos e proposi{\c{c}}{\~o}es},
  author={Luckesi, Cipriano Carlos},
  year={2014},
  publisher={Cortez editora}
}

@article{luckesi:2002,
  title={Avalia{\c{c}}{\~a}o da aprendizagem na escola e a quest{\~a}o das representa{\c{c}}{\~o}es sociais},
  author={Luckesi, Cipriano Carlos},
  journal={Eccos Revista Cient{\'\i}fica},
  volume={4},
  number={2},
  pages={79--88},
  year={2002},
  publisher={Universidade Nove de Julho}
}

@inproceedings{leitao:2018,
  title={Survey on Pedagogical Resources Recommendation using Cognitive Computing Systems},
  author={Leit{\~a}o, Gabriel and Valentin, Eduardo Bezerra and de Oliveira, Elaine Harada Teixeira and da Silva Barreto, Raimundo},
  booktitle={2018 IEEE Frontiers in Education Conference (FIE)},
  pages={1--7},
  year={2018},
  organization={IEEE}
}

@inproceedings{coccoli:2019,
  author    = {Coccoli, Mauro and Maresca, Paolo and Molinari, Andrea},
  title     = {When E-Learning Meets Big Data, Cognitive Computing, and Collaborative
               Environments},
  booktitle = {The 25th International {DMS} Conference on Visualization and Visual
               Languages, {DMSVIVS} 2019, Hotel Tivoli, Lisbon, Portugal, July 8-9,
               2019.},
  pages     = {95--112},
  year      = {2019},
  url       = {https://doi.org/10.18293/DMSVIVA2019-007},
  doi       = {10.18293/DMSVIVA2019-007},
  timestamp = {Wed, 14 Aug 2019 14:27:08 +0200},
  biburl    = {https://dblp.org/rec/bib/conf/dms/CoccoliMM19},
  bibsource = {dblp computer science bibliography, https://dblp.org}
}

@book{silva:2011,
  title={Trigonometria, modelagem e tecnologias: um estudo sobre uma sequ{\^e}ncia did{\'a}tica},
  author={Silva, M. F.},
  year={2011},
  publisher={Disserta\c{c}\~ao de Mestrado em Ensino de Ci{\^e}ncias e Matem{\'a}tica. PUC Minas},
  url={http://www.biblioteca.pucminas.br/teses/EnCiMat_SilvaMF_1.pdf}
}

@inproceedings{EspiritoSanto:2012,
	author = {Esp\'irito Santo, J. and Castelano, L. and Almeida, J.},
	title = {Uso de tecnologias na pr\'atica docente: Um estudo de caso no contexto de uma escola p\'ublica do Interior do Rio de Janeiro},
	booktitle = {II Congresso Internacional TIC e Educação},    
	year = {2012},
	pages = {1023-1031}, 
	publisher = {Universidade de Lisboa}, 
}

@inproceedings{Leitao:2019,
	author = {Gabriel Leit{\~a}o and Raimundo Barreto},
	title = {\'E poss\'ivel Recomendar Objetos de Aprendizagem F\'isico-Virtuais?},
	booktitle = {Anais do VIII Workshop de Desafios da Computacao aplicada a Educacao},
	location = {Brasília},
	year = {2019},
	keywords = {},
	issn = {0000-0000},
	pages = {4--6},
	publisher = {SBC},
	address = {Porto Alegre, RS, Brasil},
	doi = {10.5753/desafie.2019.12179},
	url = {https://sol.sbc.org.br/index.php/desafie/article/view/12179}
}

@inproceedings{ishii:1997,
	title={Tangible Bits: Towards Seamless Interfaces Between People, Bits and Atoms},
	author={Ishii, Hiroshi and Ullmer, Brygg},
	booktitle={Proceedings of the ACM SIGCHI Conference on Human factors in computing systems},
	pages={234--241},
	year={1997}
}

@article{ullmer:2000,
	title={Emerging Frameworks For Tangible User Interfaces},
	author={Ullmer, Brygg and Ishii, Hiroshi},
	journal={IBM systems journal},
	volume={39},
	number={3.4},
	pages={915--931},
	year={2000},
	publisher={IBM}
}

@article{zhou:2015,
	title={Tangible user interfaces in learning and education},
	author={Zhou, Yuxia and Wang, Minjuan},
	journal={International Encyclopedia of the Social \& Behavioral Sciences},
	volume={24},
	pages={20--25},
	year={2015},
	publisher={Elsevier, Oxford}
}

@article{panaggio:2019,
	title={Programa{\c{c}}{\~a}o Tang{\'\i}vel no Mundo F{\'\i}sico: TaPrEC+ Sphero},
	author={Panaggio, Bruna Zanetti and Carbajal, Marleny Luque and Baranauskas, Maria Cec{\'\i}lia Calani},
	journal={Revista Brasileira de Inform{\'a}tica na Educa{\c{c}}{\~a}o},
	volume={27},
	number={03},
	pages={32--51},
	year={2019}
}

@inproceedings{moreira:2018,
	title={Explorando a Utiliza{\c{c}}{\~a}o de Storyboard em um Ambiente Tang{\'\i}vel de Apoio {\`a} Comunica{\c{c}}{\~a}o Alternativa e Aumentativa},
	author={Moreira, Eliana and Ramos, Eliane and Wolff, Luciana and Bortolini, Catia de T and Cavalcanti, E Paula and Pinto, Leila AD and Maria do Carmo, B Bruschini and BENEDETTI, Maria Pozzebom and de Oliveira, Marisol R Pavani and Baranauskas, Maria Cecilia},
	booktitle={Brazilian Symposium on Computers in Education (Simp{\'o}sio Brasileiro de Inform{\'a}tica na Educa{\c{c}}{\~a}o-SBIE)},
	volume={29},
	pages={1083},
	year={2018}
}

@inproceedings{gluz:2018,
	title={Ambiente Virtual Tang{\'\i}vel para Integra{\c{c}}{\~a}o Sensorial no Ensino de Ci{\^e}ncias numa Perspectiva Inclusiva},
	author={Gluz, Jo{\~a}o and Passerino, Liliana and Preuss, Evandro and Baierle, Ivan Luis Feix and Cimadevila, Mely},
	booktitle={Brazilian Symposium on Computers in Education (Simp{\'o}sio Brasileiro de Inform{\'a}tica na Educa{\c{c}}{\~a}o-SBIE)},
	volume={29},
	pages={545},
	year={2018}
}

@inproceedings{mendoza:2019,
	title={Enhancing a tangible tabletop with embedded-technology objects for experiencing deep time},
	author={Mendoza, Yusseli Lizeth M{\'e}ndez and Baranauskas, M Cec{\'\i}lia},
	booktitle={Anais do XXV Workshop de Inform{\'a}tica na Escola},
	pages={598--607},
	year={2019},
	organization={SBC}
}

@inproceedings{carbajal:2018,
	title={Programa{\c{c}}{\~a}o tang{\'\i}vel e constru{\c{c}}{\~a}o de significado: cria{\c{c}}{\~a}o de s{\'\i}mbolos para o ambiente TaPrEC junto com professoras de ensino fundamental},
	author={Carbajal, Marleny and Baranauskas, M Cec{\'\i}lia},
	booktitle={Anais do Workshop de Inform{\'a}tica na Escola},
	volume={24},
	pages={323--332},
	year={2018}
}

@inproceedings{leite:2017,
	title={Framework de ensino de programac{\~a}o para crian{\c{c}}as e jovens por meio de aprendizado baseado em projetos usando computa{\c{c}}{\~a}o tang{\'\i}vel, storytelling, internet das coisas e sistemas embarcados},
	author={Leite, Kaique and Branco, Kalinka Castelo},
	booktitle={Anais dos Workshops do Congresso Brasileiro de Inform{\'a}tica na Educa{\c{c}}{\~a}o},
	volume={6},
	pages={1301},
	year={2017}
}

@inproceedings{lopes:2018,
	title={AnimAR: um aplicativo para cria{\c{c}}{\~a}o de anima{\c{c}}{\~o}es com realidade aumentada e interface tang{\'\i}vel},
	author={Lopes, Mauricio and Reiter, Ricardo Filipe and Reis, Dalton},
	booktitle={Anais dos Workshops do Congresso Brasileiro de Inform{\'a}tica na Educa{\c{c}}{\~a}o},
	volume={7},
	pages={983},
	year={2018}
}

@inproceedings{viana:2018,
	title={Interface de programa{\c{c}}{\~a}o tang{\'\i}vel para produ{\c{c}}{\~a}o de algoritmos sonoros},
	author={Viana, Cassiano and Raabe, Andr{\'e}},
	booktitle={Anais dos Workshops do Congresso Brasileiro de Inform{\'a}tica na Educa{\c{c}}{\~a}o},
	volume={7},
	pages={125},
	year={2018}
}

@inproceedings{moreira:2018b,
	title={Experiencing and Delineating a Vocabulary for a Tangible Environment to Support Alternative and Augmentative Communication},
	author={Moreira, Eliana Alves and Baranauskas, Maria Cec{\'\i}lia Calani},
	booktitle={Proceedings of the 17th Brazilian Symposium on Human Factors in Computing Systems},
	pages={1--10},
	year={2018}
}

@inproceedings{zuckerman:2005,
	title={Extending tangible interfaces for education: digital montessori-inspired manipulatives},
	author={Zuckerman, Oren and Arida, Saeed and Resnick, Mitchel},
	booktitle={Proceedings of the SIGCHI conference on Human factors in computing systems},
	pages={859--868},
	year={2005}
}

@inproceedings{marshall:2007,
	title={Do tangible interfaces enhance learning?},
	author={Marshall, Paul},
	booktitle={Proceedings of the 1st international conference on Tangible and embedded interaction},
	pages={163--170},
	year={2007}
}

@inproceedings{lima:2016,
	title={Processo de Design Colaborativo de Artefatos Tang{\'\i}veis para Crian{\c{c}}as},
	author={Lima, Isomar and Castro, Thais and Dantas, Adriana and Siqueira, Marcos},
	booktitle={Anais do XIII Simp{\'o}sio Brasileiro de Sistemas Colaborativos},
	pages={1408--1422},
	year={2016},
	organization={SBC}
}

@Misc{Blockly:2022,
	howpublished = {\url{https://developers.google.com/blockly/guides/overview}},
	note = {Acesso 08 de Maio de 2022},
	title = {Introduction to Blockly},
	author = {Google Developers},
	year = {2022}
}

@article{Venkatesh:2008,
	title={Technology acceptance model 3 and a research agenda on interventions},
	author={Venkatesh, Viswanath and Bala, Hillol},
	journal={Decision sciences},
	volume={39},
	number={2},
	pages={273--315},
	year={2008},
	publisher={Wiley Online Library}
}

@article{basili:1994,
	title={Goal, Question Metric Paradigm},
	author={Basili, Victor R and Caldiera, Gianluigi and Rombach, H Dieter},
	journal={Encyclopedia of Software Engineering},
	year={1994},
	publisher={Wiley USA}
}

@book{wohlin:2012,
	title={Experimentation in Software Engineering},
	author={Wohlin, Claes and Runeson, Per and H{\"o}st, Martin and Ohlsson, Magnus C and Regnell, Bj{\"o}rn and Wessl{\'e}n, Anders},
	year={2012},
	publisher={Springer Science \& Business Media}
}

@book{marques:2019,
	title={UX-Tips: uma t{\'e}cnica de avalia{\c{c}}{\~a}o de user experience para aplica{\c{c}}{\~o}es de software},
	author={Marques, Leonardo Carneiro and others},
	year={2019},
	publisher={Universidade Federal do Amazonas}
}